@misc{ring-lwe,
      author = {Vadim Lyubashevsky and Chris Peikert and Oded Regev},
      title = {On Ideal Lattices and Learning with Errors Over Rings},
      howpublished = {Cryptology ePrint Archive, Paper 2012/230},
      year = {2012},
      url = {https://eprint.iacr.org/2012/230}
}

@inproceedings{gentry,
    author = {Gentry, Craig},
    title = {Fully Homomorphic Encryption Using Ideal Lattices},
    year = {2009},
    isbn = {9781605585062},
    publisher = {Association for Computing Machinery},
    address = {New York, NY, USA},
    url = {https://doi.org/10.1145/1536414.1536440},
    doi = {10.1145/1536414.1536440},
    booktitle = {Proceedings of the Forty-First Annual ACM Symposium on Theory of Computing},
    pages = {169–178},
    numpages = {10},
    keywords = {fully homomorphic encryption},
    location = {Bethesda, MD, USA},
    series = {STOC '09}
}

@InCollection{stanford,
	author       =	{Dean, Walter},
	title        =	{{Computational Complexity Theory}},
	booktitle    =	{The {Stanford} Encyclopedia of Philosophy},
	editor       =	{Edward N. Zalta},
	url          =  {https://plato.stanford.edu/archives/fall2021/entries/computational-complexity/},
	year         =	{2021},
	edition      =	{{F}all 2021},
	publisher    =	{Metaphysics Research Lab, Stanford University}
}

@article{shor,
	doi = {10.1137/s0097539795293172},
  	url = {https://arxiv.org/abs/quant-ph/9508027},
  	year = 1997,
	month = {oct},
  	publisher = {Society for Industrial {\&} Applied Mathematics ({SIAM})},
  	volume = {26},
  	number = {5},
  	pages = {1484--1509},
  	author = {Peter W. Shor},
  	title = {Polynomial-Time Algorithms for Prime Factorization and Discrete Logarithms on a Quantum Computer},
  	journal = {{SIAM} Journal on Computing}
}

@article{regev,
    author = {Regev, Oded},
    title = {On Lattices, Learning with Errors, Random Linear Codes, and Cryptography},
    year = {2009},
    issue_date = {September 2009},
    publisher = {Association for Computing Machinery},
    address = {New York, NY, USA},
    volume = {56},
    number = {6},
    issn = {0004-5411},
    url = {https://doi.org/10.1145/1568318.1568324},
    doi = {10.1145/1568318.1568324},
    journal = {J. ACM},
    month = {sep},
    articleno = {34},
    numpages = {40},
    keywords = {quantum computation, average-case hardness, Lattice, cryptography, public key encryption}
}

@book {algebra,
    AUTHOR = {Marcus, Daniel A.},
     TITLE = {Number fields},
    SERIES = {Universitext},
 PUBLISHER = {Springer-Verlag, New York-Heidelberg},
      YEAR = {1977},
     PAGES = {viii+279},
      ISBN = {0-387-90279-1},
   MRCLASS = {12-01},
  MRNUMBER = {0457396},
MRREVIEWER = {Ezra Brown},
}

@InProceedings{fhe_rlwe,
    author = "Brakerski, Zvika and Vaikuntanathan, Vinod",
    editor = "Rogaway, Phillip",
    title = "Fully Homomorphic Encryption from Ring-LWE and Security for Key Dependent Messages",
    booktitle = "Advances in Cryptology -- CRYPTO 2011",
    year = "2011",
    publisher = "Springer Berlin Heidelberg",
    address = "Berlin, Heidelberg",
    pages = "505--524",
    isbn = "978-3-642-22792-9"
}

@inproceedings{primal,
    author = "Ronald L. Rivest and Len Adleman and Michael L. Dertouzos",
    title = "On Data Banks and Privacy Homomorphisms",
    year = "1978"
}

@phdthesis{gentry_phd,
    author = {Gentry, Craig},
    advisor = {Boneh, Dan},
    title = {A Fully Homomorphic Encryption Scheme},
    year = {2009},
    isbn = {9781109444506},
    publisher = {Stanford University},
    address = {Stanford, CA, USA},
    note = {AAI3382729}
}

@InProceedings{impl_gentry,
    author = "Gentry, Craig and Halevi, Shai",
    editor = "Paterson, Kenneth G.",
    title = "Implementing Gentry's Fully-Homomorphic Encryption Scheme",
    booktitle = "Advances in Cryptology -- EUROCRYPT 2011",
    year="2011",
    publisher = "Springer Berlin Heidelberg",
    address = "Berlin, Heidelberg",
    pages = "129--148",
    isbn = "978-3-642-20465-4"
}

@book{intro_cryp,
    author = "Jeffrey Hoffstein, Jill Pipher and Joseph H. Silverman",
    title = "An Introduction to Mathematical Cryptography",
    year = 2016,
    publisher = "Springer New York, NY",
    doi = "https://doi.org/10.1007/978-1-4939-1711-2"
}

@article{alice,
    author = {Silverberg, Alice},
    year = {2013},
    month = {01},
    pages = {},
    title = {Fully Homomorphic Encryption for Mathematicians},
    isbn = {9781470410223},
    doi = {10.1090/conm/606/12143}
}

@InProceedings{int_scheme,
    author="van Dijk, Marten and Gentry, Craig and Halevi, Shai and Vaikuntanathan, Vinod",
    editor="Gilbert, Henri",
    title="Fully Homomorphic Encryption over the Integers",
    booktitle="Advances in Cryptology -- EUROCRYPT 2010",
    year="2010",
    publisher="Springer Berlin Heidelberg",
    address="Berlin, Heidelberg",
    pages="24--43",
    isbn="978-3-642-13190-5"
}


@article{easy_fhe,
    author = {Gentry, Craig},
    title = {Computing Arbitrary Functions of Encrypted Data},
    year = {2010},
    issue_date = {March 2010},
    publisher = {Association for Computing Machinery},
    address = {New York, NY, USA},
    volume = {53},
    number = {3},
    issn = {0001-0782},
    url = {https://doi.org/10.1145/1666420.1666444},
    doi = {10.1145/1666420.1666444},
    journal = {Commun. ACM},
    month = {mar},
    pages = {97–105},
    numpages = {9}
}

@book {book,
    AUTHOR = {Hoffstein, Jeffrey and Pipher, Jill and Silverman, Joseph H.},
     TITLE = {An introduction to mathematical cryptography},
    SERIES = {Undergraduate Texts in Mathematics},
   EDITION = {Second},
 PUBLISHER = {Springer, New York},
      YEAR = {2014},
     PAGES = {xviii+538},
      ISBN = {978-1-4939-1710-5; 978-1-4939-1711-2},
   MRCLASS = {94-02 (11T71 14G50 94-01 94A60)},
  MRNUMBER = {3289167},
MRREVIEWER = {Robert Juricevic},
       DOI = {10.1007/978-1-4939-1711-2},
       URL = {https://doi.org/10.1007/978-1-4939-1711-2},
}

@InProceedings{ggh,
author="Goldreich, Oded and Goldwasser, Shafi and Halevi, Shai",
editor="Kaliski, Burton S.",
title="Public-key cryptosystems from lattice reduction problems",
booktitle="Advances in Cryptology --- CRYPTO '97",
year="1997",
publisher="Springer Berlin Heidelberg",
address="Berlin, Heidelberg",
pages="112--131",
isbn="978-3-540-69528-8"
}

@book{katz,
author = {Katz, Jonathan and Lindell, Yehuda},
title = {Introduction to Modern Cryptography, Second Edition},
year = {2014},
isbn = {1466570261},
publisher = {Chapman \& Hall/CRC},
edition = {2nd},
}
